<?xml version="1.0" encoding="UTF-8"?><collection xmlns="http://www.loc.gov/MARC21/slim"><record><leader>00443nam--2200133-i-4500</leader><controlfield tag="001">000030248</controlfield><controlfield tag="002">20161230</controlfield><controlfield tag="005">20161230201038</controlfield><controlfield tag="008">060222s1000------------r-----000-0-eng-d</controlfield><datafield ind1=" " ind2=" " tag="080"><subfield code="a">65.01</subfield></datafield><datafield ind1=" " ind2=" " tag="245"><subfield code="a">The man made world. a course on the theories and techniques that contribute to our technological civilization. part one</subfield></datafield><datafield ind1=" " ind2=" " tag="260"><subfield code="a">New York, Mcgraw-hill, 1969, Xii + 292p</subfield></datafield><datafield ind1=" " ind2=" " tag="490"><subfield code="a">Engineering Concepts, Curriculum Projects</subfield></datafield><datafield ind1=" " ind2=" " tag="852"><subfield code="a">35234</subfield></datafield></record></collection>